@inproceedings{DBLP:conf/haskell/CockxME0N22,
  author    = {Jesper Cockx and
               Orestis Melkonian and
               Lucas Escot and
               James Chapman and
               Ulf Norell},
  editor    = {Nadia Polikarpova},
  title     = {Reasonable {Agda} is correct {Haskell}: writing verified {Haskell} using
               agda2hs},
  booktitle = {Haskell '22: 15th {ACM} {SIGPLAN} International Haskell Symposium,
               Ljubljana, Slovenia, September 15 - 16, 2022},
  pages     = {108--122},
  publisher = {{ACM}},
  year      = {2022},
  url       = {https://doi.org/10.1145/3546189.3549920},
  doi       = {10.1145/3546189.3549920},
  timestamp = {Thu, 20 Oct 2022 17:40:16 +0200},
  biburl    = {https://dblp.org/rec/conf/haskell/CockxME0N22.bib},
  bibsource = {dblp computer science bibliography, https://dblp.org}
}
@article{DBLP:journals/toplas/Padovani19,
  author    = {Luca Padovani},
  title     = {Context-Free Session Type Inference},
  journal   = {{ACM} Trans. Program. Lang. Syst.},
  volume    = {41},
  number    = {2},
  pages     = {9:1--9:37},
  year      = {2019},
  url       = {https://doi.org/10.1145/3229062},
  doi       = {10.1145/3229062},
  timestamp = {Sat, 08 Jan 2022 02:22:56 +0100},
  biburl    = {https://dblp.org/rec/journals/toplas/Padovani19.bib},
  bibsource = {dblp computer science bibliography, https://dblp.org}
}
@article{DBLP:journals/corr/abs-2101-04622,
  author    = {Anson Miu and
               Francisco Ferreira and
               Nobuko Yoshida and
               Fangyi Zhou},
  title     = {Communication-Safe Web Programming in TypeScript with Routed Multiparty
               Session Types},
  journal   = {CoRR},
  volume    = {abs/2101.04622},
  year      = {2021},
  url       = {https://arxiv.org/abs/2101.04622},
  eprinttype = {arXiv},
  eprint    = {2101.04622},
  timestamp = {Fri, 22 Jan 2021 15:16:00 +0100},
  biburl    = {https://dblp.org/rec/journals/corr/abs-2101-04622.bib},
  bibsource = {dblp computer science bibliography, https://dblp.org},
  comment   = {callback}
}
@article{DBLP:journals/pacmpl/00020HNY20,
  author    = {Fangyi Zhou and
               Francisco Ferreira and
               Raymond Hu and
               Rumyana Neykova and
               Nobuko Yoshida},
  title     = {Statically Verified Refinements for Multiparty Protocols},
  journal   = {Proc. {ACM} Program. Lang.},
  volume    = {4},
  number    = {{OOPSLA}},
  pages     = {148:1--148:30},
  year      = {2020},
  url       = {https://doi.org/10.1145/3428216},
  doi       = {10.1145/3428216},
  timestamp = {Sat, 08 Jan 2022 02:21:39 +0100},
  biburl    = {https://dblp.org/rec/journals/pacmpl/00020HNY20.bib},
  bibsource = {dblp computer science bibliography, https://dblp.org},
  comment   = {callback}
}
